<record><leader>00000cas a22000007a 4500</leader><controlfield tag="001">17971359</controlfield><controlfield tag="008">880518d19081914nduwr ne      0    0eng d</controlfield><datafield ind1=" " ind2=" " tag="010"><subfield code="a">sn 88076232 </subfield><subfield code="z">sn 88076239 </subfield></datafield><datafield ind1=" " ind2=" " tag="040"><subfield code="a">NOP</subfield><subfield code="b">eng</subfield><subfield code="c">NOP</subfield><subfield code="d">DLC</subfield><subfield code="d">OCL</subfield><subfield code="d">OCLCQ</subfield></datafield><datafield ind1=" " ind2=" " tag="019"><subfield code="a">17971391</subfield></datafield><datafield ind1=" " ind2=" " tag="042"><subfield code="a">msc</subfield></datafield><datafield ind1="0" ind2="4" tag="245"><subfield code="a">The Williams County plainsman.</subfield></datafield><datafield ind1="3" ind2="0" tag="246"><subfield code="a">Williams County plainsman and Paddington journal</subfield></datafield><datafield ind1=" " ind2=" " tag="260"><subfield code="a">McCullough, Williams County, N.D. :</subfield><subfield code="b">Delbin A. Gibbs</subfield></datafield><datafield ind1=" " ind2=" " tag="300"><subfield code="a">v. :</subfield><subfield code="b">ill. ;</subfield><subfield code="c">55 cm.</subfield></datafield><datafield ind1=" " ind2=" " tag="310"><subfield code="a">Weekly</subfield></datafield><datafield ind1="1" ind2=" " tag="362"><subfield code="a">Began in 1908.</subfield></datafield><datafield ind1="0" ind2=" " tag="362"><subfield code="a">-v. 6, no. 25 (Jan. 1, 1914).</subfield></datafield><datafield ind1=" " ind2=" " tag="500"><subfield code="a">Published as: Williams County plainsman and Paddington journal, Sept. 22, 1910-Aug. 10, 1911.</subfield></datafield><datafield ind1=" " ind2=" " tag="500"><subfield code="a">Place of publication varies: McCullough, N.D., 1908-July 30, 1909; Montrose, N.D., Aug. 6, 1909-Sept. 9, 1910; Wildrose, N.D., Sept. 22, 1910-Jan. 1, 1914.</subfield></datafield><datafield ind1=" " ind2=" " tag="530"><subfield code="a">Available on microfilm from the State Historical Society of North Dakota.</subfield></datafield><datafield ind1=" " ind2=" " tag="588"><subfield code="a">Description based on: Vol. 1, no. 26 (Nov. 27, 1908).</subfield></datafield><datafield ind1=" " ind2=" " tag="752"><subfield code="a">United States</subfield><subfield code="b">North Dakota</subfield><subfield code="c">Williams</subfield><subfield code="d">Wildrose.</subfield></datafield><datafield ind1=" " ind2=" " tag="752"><subfield code="a">United States</subfield><subfield code="b">North Dakota</subfield><subfield code="c">Williams</subfield><subfield code="d">McCullough.</subfield></datafield><datafield ind1=" " ind2=" " tag="752"><subfield code="a">United States</subfield><subfield code="b">North Dakota</subfield><subfield code="c">Williams</subfield><subfield code="d">Montrose.</subfield></datafield><datafield ind1="0" ind2="5" tag="780"><subfield code="t">Paddington journal</subfield></datafield><datafield ind1="0" ind2="0" tag="785"><subfield code="t">Wildrose plainsman</subfield><subfield code="w">(DLC)sn 88076238</subfield></datafield><datafield ind1="1" ind2=" " tag="029"><subfield code="a">AU@</subfield><subfield code="b">000025836747</subfield></datafield></record>